<record><leader>00000cas a22000007a 4500</leader><controlfield tag="001">11558807</controlfield><controlfield tag="008">850108d17861786njudn ne      0    0eng d</controlfield><datafield ind1=" " ind2=" " tag="010"><subfield code="a">sn 85025048 </subfield></datafield><datafield ind1=" " ind2=" " tag="040"><subfield code="a">NPX</subfield><subfield code="b">eng</subfield><subfield code="c">NPX</subfield><subfield code="d">OCLCQ</subfield><subfield code="d">OCLCG</subfield><subfield code="d">UKMGB</subfield><subfield code="d">OCLCQ</subfield><subfield code="d">OCLCA</subfield><subfield code="d">OCLCQ</subfield><subfield code="d">OCLCA</subfield></datafield><datafield ind1="7" ind2=" " tag="016"><subfield code="a">013914249</subfield><subfield code="2">Uk</subfield></datafield><datafield ind1=" " ind2=" " tag="042"><subfield code="a">msc</subfield></datafield><datafield ind1="0" ind2="4" tag="245"><subfield code="a">The New-York gazetteer ; or, Daily evening-post.</subfield></datafield><datafield ind1="3" ind2="0" tag="246"><subfield code="a">Daily evening-post</subfield></datafield><datafield ind1=" " ind2=" " tag="260"><subfield code="a">New York [N.Y.] :</subfield><subfield code="b">Kollock, Carroll &amp; Patterson,</subfield><subfield code="c">-1786.</subfield></datafield><datafield ind1=" " ind2=" " tag="300"><subfield code="a">volumes</subfield></datafield><datafield ind1=" " ind2=" " tag="310"><subfield code="a">Daily (except Sun.)</subfield></datafield><datafield ind1=" " ind2=" " tag="336"><subfield code="a">text</subfield><subfield code="b">txt</subfield><subfield code="2">rdacontent</subfield></datafield><datafield ind1=" " ind2=" " tag="337"><subfield code="a">unmediated</subfield><subfield code="b">n</subfield><subfield code="2">rdamedia</subfield></datafield><datafield ind1=" " ind2=" " tag="338"><subfield code="a">volume</subfield><subfield code="b">nc</subfield><subfield code="2">rdacarrier</subfield></datafield><datafield ind1="0" ind2=" " tag="362"><subfield code="a">-v. 2, no. 178 (Dec. 14, 1786).</subfield></datafield><datafield ind1="1" ind2=" " tag="362"><subfield code="a">Began with Aug. 14, 1786 issue.</subfield><subfield code="z">Cf. Brigham, C.S. Amer. newspapers.</subfield></datafield><datafield ind1=" " ind2=" " tag="500"><subfield code="a">References: Evans 19857; Brigham, C.S. Amer. newspapers, p. 645.</subfield></datafield><datafield ind1=" " ind2=" " tag="588"><subfield code="a">Description based on: Vol. 2, no. 82 (Aug. 24, 1786).</subfield></datafield><datafield ind1="1" ind2=" " tag="700"><subfield code="a">Kollock, Shepard,</subfield><subfield code="d">1750-1839.</subfield></datafield><datafield ind1="1" ind2=" " tag="700"><subfield code="a">Carroll, George,</subfield><subfield code="d">-1789.</subfield></datafield><datafield ind1="1" ind2=" " tag="700"><subfield code="a">Patterson, John,</subfield><subfield code="d">active 1785-1799.</subfield></datafield><datafield ind1=" " ind2=" " tag="752"><subfield code="a">United States</subfield><subfield code="b">New York</subfield><subfield code="c">New York</subfield><subfield code="d">New York.</subfield></datafield><datafield ind1="0" ind2="0" tag="780"><subfield code="t">New-York gazetteer, and the country journal</subfield><subfield code="w">(DLC)sn 83030480</subfield></datafield><datafield ind1="0" ind2="0" tag="785"><subfield code="t">New-York gazetteer; and, public advertiser</subfield><subfield code="w">(DLC)sn 83030481</subfield></datafield></record>